%%%%%%%%%%%%%%%%%%%%%%%%%%%%%%%%%%%%%%%%%%%%%%%%%%%%%%%%%%%%%%%%%%%%%%%
% ΠΡΟΣΟΧΗ:
%%%%%%%%%%%%%%%%%%%%%%%%%%%%%%%%%%%%%%%%%%%%%%%%%%%%%%%%%%%%%%%%%%%%%%%
% Οι δηλώσεις των εγγραφών να γίνονται με πεζούς χαρακτήρες
% π.χ. book και όχι BOOK
%%%%%%%%%%%%%%%%%%%%%%%%%%%%%%%%%%%%%%%%%%%%%%%%%%%%%%%%%%%%%%%%%%%%%%%

% Βιβλία Ξενόγλωσσα
@book{goossens93,
    author    = "M. Goossens and F. Mittelbach and A. Samarin",
    title     = "The LaTeX Companion",
    year      = "1993",
    publisher = "Addison-Wesley",
    address   = "Reading, Massachusetts",
    edition = "9"
}

% Βιβλία Ελληνικά
@book{greekbook,
    author    = "Ι. Κάβουρας",
    title     = "Συστήματα Υπολογιστών",
    year      = "1991",
    publisher = "Κλειδάριθμος",
    address   = "Αθήνα",
    edition = "3"
}

% Άρθρα σε διεθνή επιστημονικά περιοδικά
@article{LiArTs13,
  author = {J. Liaperdos and A. Arapoyanni and Y. Tsiatouhas},
  year = 2013,
  month={sep},
  title = {Adjustable {RF} Mixers' Alternate Test Efficiency Optimization by
          the Reduction of Test Observables},
  journal = {{IEEE} Transactions on Computer-Aided Design of Integrated
            Circuits and Systems},
  volume = 32,
  number = 9,
  pages = {1383-1394}
}

% Άρθρα σε διεθνή επιστημονικά συνέδρια
@inproceedings{dcis2011,
  author = {I. Liaperdos and L. Dermentzoglou and A. Arapoyanni and Y. Tsiatouhas},
  title = {Fault Detection in {RF} Mixers Combining Defect-Oriented and Alternate Test Strategies},
  booktitle = {26th Conference on Design of Circuits and Integrated Systems (DCIS)},
  year = {2011},
  address = {San Sebastian, Spain},
  month = {nov}
}

% Ιστοσελίδες
@misc{LaTeXProject,
  title = {{LaTeX} Project},
  howpublished = {\url{http://www.latex-project.org}},
  note = {{Ημερομηνία πρόσβασης}: 13-11-2014}
}

% Πτυχιακές Εργασίες
@ptychionthesis{elli05,
  author =       "{Ε. Ανδρουλάκη}",
  title =        "{Υλοποίηση Ενεργού Μηχανισμού σε Σύστημα Ομότιμων Βάσεων}",
  school =  "KDBS Lab, {Εθνικό Μετσόβιο Πολυτεχνείο}",
  year =         "2005",
  month =        "jul"
}

% Διπλωματικές Εργασίες
@diplomathesis{zoi04,
  author =       "{Ζ. Καούδη}",
  title =        "{Πρότυπο Σύστημα Αποθήκευσης και Διαχείρισης Σχημάτων \en{RDFS}}",
  school =  "{Εθνικό Μετσόβιο Πολυτεχνείο}",
  year =         "2004",
  month =        "jul"
}

% Μεταπτυχιακές Διπλωματικές Εργασίες
@mastersthesis{master04,
  author =       "{Ζ. Λάσκαρη}",
  title =        "{Κοινωνική Ανάλυση των Ταινιών της \en{Finos Films}}",
  school =  "{Εθνικό Μετσόβιο Πολυτεχνείο}",
  year =         "2012",
  month =        "aug"
}

% Διδακτορικές Διατριβές
@phdthesis{phd045,
  author =       "{Ζ. Κουρούκλη}",
  title =        "{Κατανεμημένα Συστήματα}",
  school =  "{ΤΕΙ Πελοποννήσου}",
  year =         "2013",
  month =        "dec"
}

% Τεχνικές Αναφορές
@techreport{MSU-CSE-05-29,
  author =        {J. Gao, H. Cheng and P.-N. Tan},
  title =         {A Framework for Incorporating Labeled Examples into Anomaly Detection},
  number =        {\textlatin{MSU-CSE-05-29}},
  institution =   {Department of Computer Science, Michigan State University},
  address=       {East Lansing, Michigan},
  year  =         {2005}
}

% Διπλώματα Ευρεσιτεχνίας (πατέντες)
@patent{viswanathan2014convenient,
  author={Viswanathan, P. and Winner, G. and Vyas, P.},
  title={Convenient Provisioning of Embedded Devices with WiFi Capability},
  number =        {\textlatin{US Patent 8,665,744}},
  year  =         {2014}
}

